<?xml version="1.0" encoding="UTF-8"?><collection xmlns="http://www.loc.gov/MARC21/slim"><record><leader>00428nam--2200145-i-4500</leader><controlfield tag="001">000046074</controlfield><controlfield tag="002">20161230</controlfield><controlfield tag="005">20161230201045</controlfield><controlfield tag="008">060222s1000------------r-----000-0-eng-d</controlfield><datafield ind1=" " ind2=" " tag="080"><subfield code="a">621.382</subfield></datafield><datafield ind1=" " ind2=" " tag="100"><subfield code="a">Van Der Ziel, Albert</subfield></datafield><datafield ind1=" " ind2=" " tag="245"><subfield code="a">Solid state physical electronics. second edition</subfield></datafield><datafield ind1=" " ind2=" " tag="260"><subfield code="a">Englewood Cliffs, N.J., Prentice-hall, Inc., 1968, Xv+633p</subfield></datafield><datafield ind1=" " ind2=" " tag="490"><subfield code="a">Solid State Physical Electronics Series</subfield></datafield><datafield ind1=" " ind2=" " tag="852"><subfield code="a">30580</subfield></datafield></record></collection>